<?xml version="1.0" encoding="UTF-8" ?><marc:collection xmlns:marc="http://www.loc.gov/MARC21/slim" xmlns:xsi="http://www.w3.org/2001/XMLSchema-instance" xsi:schemaLocation="http://www.loc.gov/MARC21/slim http://www.loc.gov/standards/marcxml/schema/MARC21slim.xsd">
<marc:record><marc:leader>03344nam a2200457Ii 4500</marc:leader>
<marc:controlfield tag="001">b14394650</marc:controlfield>
<marc:controlfield tag="003">UaCaAUL</marc:controlfield><marc:controlfield tag="005">20170227091945.0</marc:controlfield><marc:controlfield tag="008">170227s1911    ua            000 0 ara d</marc:controlfield><marc:datafield tag="035" ind1=" " ind2=" "><marc:subfield code="a">(OCoLC)973871694</marc:subfield></marc:datafield><marc:datafield tag="040" ind1=" " ind2=" "><marc:subfield code="a">MEAUC</marc:subfield><marc:subfield code="b">eng</marc:subfield><marc:subfield code="e">rda</marc:subfield><marc:subfield code="c">MEAUC</marc:subfield></marc:datafield><marc:datafield tag="049" ind1=" " ind2=" "><marc:subfield code="a">MAIN</marc:subfield></marc:datafield><marc:datafield tag="066" ind1=" " ind2=" "><marc:subfield code="c">(3</marc:subfield></marc:datafield><marc:datafield tag="090" ind1=" " ind2=" "><marc:subfield code="a">BP166.2</marc:subfield><marc:subfield code="b">.B3 1911</marc:subfield></marc:datafield><marc:datafield tag="100" ind1="1" ind2=" "><marc:subfield code="6">880-01</marc:subfield><marc:subfield code="a">Bājūrī, Ibrāhīm ibn Muḥammad,</marc:subfield><marc:subfield code="d">1783 or 1784-1860,</marc:subfield><marc:subfield code="e">author.</marc:subfield></marc:datafield><marc:datafield tag="240" ind1="1" ind2="0"><marc:subfield code="6">880-02</marc:subfield><marc:subfield code="a">Taḥqīq al-maqām ʻalá Kifāyat al-ʻawāmm.</marc:subfield></marc:datafield><marc:datafield tag="245" ind1="1" ind2="0"><marc:subfield code="6">880-03</marc:subfield><marc:subfield code="a">Ḥāshiyat al-ʻālim al-ʻallāmah Shaykh al-Islām al-Shaykh Ibrāhīm al-Bījūrī al-musammāh bi-Taḥqīq al-maqām ʻalá Kifāyat al-ʻawāmm fī ʻilm al-kalām li-shaykhihi al-Shaykh Muḥammad al-Faḍalī taghamdahumā Allāh bi-raḥmatihi wa-askanahumā fasīḥ jannatihi āmīn.</marc:subfield></marc:datafield><marc:datafield tag="250" ind1=" " ind2=" "><marc:subfield code="6">880-04</marc:subfield><marc:subfield code="a">al-Ṭabʻah al-thānīyah.</marc:subfield></marc:datafield><marc:datafield tag="264" ind1=" " ind2="1"><marc:subfield code="6">880-05</marc:subfield><marc:subfield code="a">Miṣr :</marc:subfield><marc:subfield code="b">al-Maṭbaʻah al-Azʹharīyah,</marc:subfield><marc:subfield code="c">1329 [1911]</marc:subfield></marc:datafield><marc:datafield tag="300" ind1=" " ind2=" "><marc:subfield code="a">164 pages ;</marc:subfield><marc:subfield code="c">20 cm.</marc:subfield></marc:datafield><marc:datafield tag="336" ind1=" " ind2=" "><marc:subfield code="a">text</marc:subfield><marc:subfield code="b">txt</marc:subfield><marc:subfield code="2">rdacontent.</marc:subfield></marc:datafield><marc:datafield tag="337" ind1=" " ind2=" "><marc:subfield code="a">unmediated</marc:subfield><marc:subfield code="b">n</marc:subfield><marc:subfield code="2">rdamedia.</marc:subfield></marc:datafield><marc:datafield tag="338" ind1=" " ind2=" "><marc:subfield code="a">volume</marc:subfield><marc:subfield code="b">nc</marc:subfield><marc:subfield code="2">rdacarrier.</marc:subfield></marc:datafield><marc:datafield tag="500" ind1=" " ind2=" "><marc:subfield code="6">880-06</marc:subfield><marc:subfield code="a">&quot;Tanbīh, tasʹhīlan lil-qāriʼ qad waḍaʻnā Kifāyat al-ʻawāmm fī awāʼil al-ṣaḥāʼif wa-al-ḥāshīyah fī ākhirihā wa-qad faṣalnā baynahimā bi-jadwal.&quot;</marc:subfield></marc:datafield><marc:datafield tag="500" ind1=" " ind2=" "><marc:subfield code="6">880-07</marc:subfield><marc:subfield code="a">Maḥall mabīʻihi bi-al-Maktabah al-Azʹharīyah idārat rājī ʻafw rabbihi al-qādir (ḥaḍrat Muṣṭafá bik Shākir wa-akhīhi) (Sayyid Musallim)</marc:subfield></marc:datafield><marc:datafield tag="600" ind1="1" ind2="0"><marc:subfield code="6">880-08</marc:subfield><marc:subfield code="a">Faḍālī, Muḥammad ibn Shāfiʻī,</marc:subfield><marc:subfield code="d">-1820 or 1821.</marc:subfield><marc:subfield code="t">Kifāyat al-ʻawāmm fī ʻilm al-kalām.</marc:subfield></marc:datafield><marc:datafield tag="650" ind1=" " ind2="0"><marc:subfield code="a">Islam</marc:subfield><marc:subfield code="x">Doctrines.</marc:subfield></marc:datafield><marc:datafield tag="700" ind1="1" ind2="2"><marc:subfield code="6">880-09</marc:subfield><marc:subfield code="a">Faḍālī, Muḥammad ibn Shāfiʻī,</marc:subfield><marc:subfield code="d">-1820 or 1821.</marc:subfield><marc:subfield code="t">Kifāyat al-ʻawāmm fī ʻilm al-kalām.</marc:subfield></marc:datafield><marc:datafield tag="880" ind1="1" ind2=" "><marc:subfield code="6">100-01/(3/r</marc:subfield><marc:subfield code="a">باجوري، إبراهيم بن محمد،‪</marc:subfield><marc:subfield code="d">1783 أو 1784-1860.</marc:subfield></marc:datafield><marc:datafield tag="880" ind1="1" ind2="0"><marc:subfield code="6">240-02/(3/r</marc:subfield><marc:subfield code="a">تحقيق المقام على كفاية العوام.</marc:subfield></marc:datafield><marc:datafield tag="880" ind1="1" ind2="0"><marc:subfield code="6">245-03/(3/r</marc:subfield><marc:subfield code="a">حاشية العالم العلامة شيخ الإسلام الشيخ إبراهيم البيجوري المسماه بتحقيق المقام على كفاية العوام في علم الكلام لشيخه الشيخ محمد الفضلي تغمدهما الله برحمته وأسكنهما فسيح جنته آمين..</marc:subfield></marc:datafield><marc:datafield tag="880" ind1=" " ind2=" "><marc:subfield code="6">250-04/(3/r</marc:subfield><marc:subfield code="a">الطبعة الثانية..</marc:subfield></marc:datafield><marc:datafield tag="880" ind1=" " ind2="1"><marc:subfield code="6">264-05/(3/r</marc:subfield><marc:subfield code="a">مصر :‪</marc:subfield><marc:subfield code="b">المطبعة الأزهرية،‪</marc:subfield><marc:subfield code="c">1329 [1911]</marc:subfield></marc:datafield><marc:datafield tag="880" ind1=" " ind2=" "><marc:subfield code="6">500-06/(3/r</marc:subfield><marc:subfield code="a">&quot;تنبيه تسهيلا للقارئ قد وضعنا كفاية العوام في أوائل الصحائف والحاشية في آخرها وقد فصلنا بينهما بجدول.&quot;.</marc:subfield></marc:datafield><marc:datafield tag="880" ind1=" " ind2=" "><marc:subfield code="6">500-07/(3/r</marc:subfield><marc:subfield code="a">محل مبيعه بالمكتبة الأزهرية إدارة راجي عفو ربه القادر (حضرة مصطفى بك شاكر وأخيه) (سيد مسلم).</marc:subfield></marc:datafield><marc:datafield tag="880" ind1="1" ind2="0"><marc:subfield code="6">600-08/(3/r</marc:subfield><marc:subfield code="a">فضالي، محمد بن شافعي،‪</marc:subfield><marc:subfield code="d">- 1820 أو 1821.‪</marc:subfield><marc:subfield code="t">كفاية العوام في علم الكلام..</marc:subfield></marc:datafield><marc:datafield tag="880" ind1="1" ind2="2"><marc:subfield code="6">700-09/(3/r</marc:subfield><marc:subfield code="a">فضالي، محمد بن شافعي،‪</marc:subfield><marc:subfield code="d">- 1820 أو 1821.‪</marc:subfield><marc:subfield code="t">كفاية العوام في علم الكلام..</marc:subfield></marc:datafield><marc:datafield tag="907" ind1=" " ind2=" "><marc:subfield code="a">.b14394650</marc:subfield><marc:subfield code="b">main </marc:subfield></marc:datafield><marc:datafield tag="902" ind1=" " ind2=" "><marc:subfield code="a">170923</marc:subfield></marc:datafield><marc:datafield tag="998" ind1=" " ind2=" "><marc:subfield code="b">1</marc:subfield><marc:subfield code="c">071129</marc:subfield><marc:subfield code="d">m</marc:subfield><marc:subfield code="e">a</marc:subfield><marc:subfield code="f">-</marc:subfield><marc:subfield code="g">0</marc:subfield><marc:subfield code="k">MAH</marc:subfield></marc:datafield><marc:datafield tag="945" ind1=" " ind2=" "><marc:subfield code="l">main </marc:subfield></marc:datafield></marc:record>
</marc:collection>
